<record xmlns="http://www.loc.gov/MARC21/slim" xmlns:xsi="http://www.w3.org/2001/XMLSchema-instance" xsi:schemaLocation="http://www.loc.gov/MARC21/slim http://www.loc.gov/standards/marcxml/schema/MARC21slim.xsd"><leader>     nam a22        4500</leader><controlfield tag="001">3235635</controlfield><controlfield tag="003">NNC</controlfield><controlfield tag="006">m        d        </controlfield><controlfield tag="007">cr cn |||m|||a</controlfield><controlfield tag="008">150313s1929    sy      o     000 0 arard</controlfield><datafield ind1=" " ind2=" " tag="040"><subfield code="a">NNU</subfield><subfield code="b">eng</subfield><subfield code="e">rda</subfield><subfield code="c">NNU</subfield></datafield><datafield ind1=" " ind2="4" tag="050"><subfield code="a">BP183.6</subfield><subfield code="b">.I22 1929</subfield></datafield><datafield ind1="0" ind2="0" tag="060"><subfield code="a">W6</subfield><subfield code="b">P3 v.7481 box 1072 no.9</subfield></datafield><datafield ind1="1" ind2=" " tag="100"><subfield code="6">880-01</subfield><subfield code="a">Ibn al-Jawzi&#772;, Abu&#772; al-Faraj &#699;Abd al-Rah&#803;ma&#772;n ibn &#699;Ali&#772;,</subfield><subfield code="d">approximately 1116-1201.</subfield></datafield><datafield ind1="1" ind2="3" tag="245"><subfield code="6">880-02</subfield><subfield code="a">al-T&#803;ibb al-ru&#772;h&#803;a&#772;ni&#772; /</subfield><subfield code="c">Ta&#700;li&#772;f al-H&#803;a&#772;fiz&#803; Jama&#772;l al-Di&#772;n Abi&#772; al-Faraj &#699;Abd al-Rah&#803;ma&#772;n ibn al-Jawzi&#772;.</subfield></datafield><datafield ind1=" " ind2=" " tag="260"><subfield code="6">880-03</subfield><subfield code="a">Dimashq :</subfield><subfield code="b">Maktabat al-Qudsi&#772;,</subfield><subfield code="c">1929.</subfield></datafield><datafield ind1=" " ind2=" " tag="300"><subfield code="a">online resource (54 pages)</subfield></datafield><datafield ind1=" " ind2=" " tag="336"><subfield code="a">text</subfield><subfield code="2">rdacontent</subfield></datafield><datafield ind1=" " ind2=" " tag="337"><subfield code="a">computer</subfield><subfield code="2">rdamedia</subfield></datafield><datafield ind1=" " ind2=" " tag="338"><subfield code="a">online resource</subfield><subfield code="2">rdacarrier</subfield></datafield><datafield ind1=" " ind2=" " tag="500"><subfield code="a">"&#699;an naskhat al-Khiza&#772;nah al-Z&#803;a&#772;hiry&#772;ah bi-Dimashq."</subfield></datafield><datafield ind1=" " ind2=" " tag="500"><subfield code="a">Part of the Arabic Collections Online (ACO) project, contributed by Columbia University Libraries.</subfield></datafield><datafield ind1=" " ind2=" " tag="533"><subfield code="a">Electronic reproduction.</subfield><subfield code="b">New York, N.Y. :</subfield><subfield code="c">New York University,</subfield><subfield code="d">2015.</subfield><subfield code="5">NNU</subfield></datafield><datafield ind1=" " ind2="0" tag="650"><subfield code="a">Islamic sermons, Arabic.</subfield></datafield><datafield ind1="1" ind2="2" tag="650"><subfield code="a">Medicine, Arabic.</subfield></datafield><datafield ind1="2" ind2="2" tag="650"><subfield code="a">Islam.</subfield></datafield><datafield ind1=" " ind2="7" tag="650"><subfield code="a">Islamic sermons, Arabic.</subfield><subfield code="2">fast</subfield><subfield code="0">(OCoLC)fst00980059</subfield></datafield><datafield ind1="2" ind2=" " tag="710"><subfield code="a">Columbia University.</subfield><subfield code="b">Libraries.</subfield></datafield><datafield ind1="0" ind2=" " tag="730"><subfield code="a">Arabic Collections Online.</subfield></datafield><datafield ind1="0" ind2="8" tag="776"><subfield code="i">Online version:</subfield><subfield code="a">Ibn al-Jawzi&#772;, Abu&#772; al-Faraj &#699;Abd al-Rah&#803;ma&#772;n ibn &#699;Ali&#772;, 1116 (ca.)-1201.</subfield><subfield code="t">T&#803;ibb al-ru&#772;h&#803;a&#772;ni&#772;.</subfield><subfield code="d">Dimashq : Maktabat al-Qudsi&#772;, 1929</subfield><subfield code="w">(OCoLC)645164885</subfield></datafield><datafield ind1="0" ind2="8" tag="776"><subfield code="i">Print version:</subfield><subfield code="a">Ibn al-Jawzi&#772;, Abu&#772; al-Faraj &#699;Abd al-Rah&#803;ma&#772;n ibn &#699;Ali&#772;, approximately 1116-1201.</subfield><subfield code="t">al-T&#803;ibb al-ru&#772;h&#803;a&#772;ni&#772;</subfield><subfield code="w">(NNC)3235635</subfield><subfield code="w">(OCoLC)18208288</subfield></datafield><datafield ind1="4" ind2="0" tag="856"><subfield code="u">http://hdl.handle.net/2333.1/nzs7h6hc</subfield></datafield><datafield ind1="1" ind2=" " tag="880"><subfield code="6">100-01/r</subfield><subfield code="a">&#1575;&#1576;&#1606; &#1575;&#1604;&#1580;&#1608;&#1586;&#1610;&#1548; &#1571;&#1576;&#1608; &#1575;&#1604;&#1601;&#1585;&#1580; &#1593;&#1576;&#1583; &#1575;&#1604;&#1585;&#1581;&#1605;&#1606; &#1576;&#1606; &#1593;&#1604;&#1610;.</subfield></datafield><datafield ind1="1" ind2="2" tag="880"><subfield code="6">245-02/r</subfield><subfield code="a">&#1575;&#1604;&#1591;&#1576; &#1575;&#1604;&#1585;&#1608;&#1581;&#1575;&#1606;&#1610; /</subfield><subfield code="c">&#1578;&#1571;&#1604;&#1610;&#1601; &#1575;&#1604;&#1581;&#1575;&#1601;&#1592; &#1580;&#1605;&#1575;&#1604; &#1575;&#1604;&#1583;&#1610;&#1606; &#1571;&#1576;&#1610; &#1575;&#1604;&#1601;&#1585;&#1580; &#1593;&#1576;&#1583; &#1575;&#1604;&#1585;&#1581;&#1605;&#1606; &#1576;&#1606; &#1575;&#1604;&#1580;&#1608;&#1586;&#1610;.</subfield></datafield><datafield ind1=" " ind2=" " tag="880"><subfield code="6">260-03/r</subfield><subfield code="a">&#1583;&#1605;&#1588;&#1602; :</subfield><subfield code="b">&#1605;&#1603;&#1578;&#1576;&#1577; &#1575;&#1604;&#1602;&#1583;&#1587;&#1610;&#1548;</subfield><subfield code="c">&#1633;&#1641;&#1634;&#1641;.</subfield></datafield><datafield ind1=" " ind2=" " tag="959"><subfield code="a">NNU</subfield><subfield code="b">WEB</subfield><subfield code="c">GENI</subfield><subfield code="t">0</subfield><subfield code="m">Electronic access</subfield><subfield code="s">01</subfield></datafield><datafield ind1=" " ind2=" " tag="999"><subfield code="i">NNC_3235635</subfield><subfield code="o">(OCoLC)ocm18208288 </subfield><subfield code="s">columbia_aco000520</subfield></datafield></record>